@online{ghtorrent,
  author = {{GHTorrent}},
  title = {The {GHTorrent} project},
  month = jun,
  year = {2015},
  url = {http://www.ghtorrent.org}
}

@article{scikit-learn,
  author = {Pedregosa, F. and Varoquaux, G. and Gramfort, A. and Michel, V. and Thirion, B. and Grisel, O. and Blondel, M. and Prettenhofer, P. and Weiss, R. and Dubourg, V. and Vanderplas, J. and Passos, A. and Cournapeau, D. and Brucher, M. and Perrot, M. and Duchesnay, \'{E}.},
  title = {Scikit-learn: Machine learning in Python},
  journal = {Journal of machine learning research},
  volume = {12},
  year = {2011},
  pages = {2825--2830}
} 
